@Article{BensonMunson2006,
  AUTHOR    = {S. Benson and T. Munson},
  TITLE     = {Flexible complementarity solvers for large-scale applications},
  JOURNAL   = {Optimization Methods and Software},
  VOLUME    = {21},
  NUMBER    = {1},
  PAGES     = {155--168},
  YEAR      = {2006},
}

@Article{Calvoetal2003,
  AUTHOR    = {N. Calvo and J. D{\'\i}az and J. Durany and E. Schiavi and C. V{\'a}zquez},
  TITLE     = {On a doubly nonlinear parabolic obstacle problem modelling ice sheet dynamics},
  JOURNAL   = {SIAM J. Appl. Math.},
  VOLUME    = {63},
  NUMBER    = {2},
  PAGES     = {683--707},
  YEAR      = {2003},
}

@Book{Elmanetal2014,
  AUTHOR    = {H. C. Elman and D. J. Silvester and A. J. Wathen},
  TITLE     = {Finite {E}lements and {F}ast {I}terative {S}olvers: with
               {A}pplications in {I}ncompressible {F}luid {D}ynamics},
  EDITION   = {2nd},
  PUBLISHER = {Oxford University Press},
  YEAR      = {2014},
}

@Book{GrivaNashSofer2009,
  AUTHOR    = {I. Griva and S. G. Nash and A. Sofer},
  TITLE     = {Linear and {N}onlinear {O}ptimization},
  EDITION   = {2nd},
  PUBLISHER = {SIAM Press},
  YEAR      = {2009},
}

@Book{NocedalWright2006,
  AUTHOR    = {J. Nocedal and S. Wright},
  TITLE     = {Numerical {O}ptimization},
  EDITION   = {2nd},
  PUBLISHER = {Springer},
  ADDRESS   = {New York},
  YEAR      = {2006},
}

